%% LaTeX2e file `conference.bib'
%% generated by the `filecontents' environment
%% from source `CVengModern' on 2018/04/25.
%%
  @inproceedings{kleiven2016experimental,
  title={Experimental Setup to Measure the Damage Limits of Superconducting Magnets due to Beam Impact at CERN's HiRadMat Facility},
  author={Kleiven, David and Auchmann, Bernhard and Raginel, Vivien and Schmidt, Ruediger and Verweij, Arjan and Wollmann, Daniel},
  booktitle={7th International Particle Accelerator Conference (IPAC'16), Busan, Korea, May 8-13, 2016},
  pages={4200--4202},
  year={2016},
  organization={JACOW, Geneva, Switzerland}
  }

  @inproceedings{raginel2016degradation,
    title={Degradation of the insulation of the LHC main dipole cable when exposed to high temperatures},
    author={Raginel, Vivien and Auchmann, Bernhard and Kleiven, David and Schmidt, Ruediger and Verweij, Arjan and Wollmann, Daniel},
    booktitle={7th International Particle Accelerator Conference (IPAC'16), Busan, Korea, May 8-13, 2016},
    pages={1186--1189},
    year={2016},
    organization={JACOW, Geneva, Switzerland}
  }

  @inproceedings{raginel2017change,
    title={Change of Critical Current Density in Nb-Ti and Nb3Sn Strands After Millisecond Heating},
    author={Raginel, Vivien and Kleiven, David and Kulesz, Karolina and Mentink, Matthijs and Schmidt, Ruediger and Verweij, Arjan and Wollmann, Daniel},
    booktitle={8th Int. Particle Accelerator Conf.(IPAC'17), Copenhagen, Denmark, 14{\^a} 19 May, 2017},
    pages={3528--3531},
    year={2017},
    organization={JACOW, Geneva, Switzerland}
  }
