%% LaTeX2e file `pub.bib'
%% generated by the `filecontents' environment
%% from source `CVengModern' on 2016/11/27.
%%
  @inproceedings{raginel2016degradation,
    title={Degradation of the insulation of the LHC main dipole cable when exposed to high temperatures},
    author={Raginel, Vivien and Auchmann, Bernhard and Kleiven, David and Schmidt, Ruediger and Verweij, Arjan and Wollmann, Daniel},
    booktitle={7th International Particle Accelerator Conference (IPAC'16), Busan, Korea, May 8-13, 2016},
    pages={1186--1189},
    year={2016},
    organization={JACOW, Geneva, Switzerland}
  }

  @inproceedings{kleiven2016experimental,
  title={Experimental Setup to Measure the Damage Limits of Superconducting Magnets due to Beam Impact at CERN's HiRadMat Facility},
  author={Kleiven, David and Auchmann, Bernhard and Raginel, Vivien and Schmidt, Ruediger and Verweij, Arjan and Wollmann, Daniel},
  booktitle={7th International Particle Accelerator Conference (IPAC'16), Busan, Korea, May 8-13, 2016},
  pages={4200--4202},
  year={2016},
  organization={JACOW, Geneva, Switzerland}
}

